%YAML 1.1
%TAG !u! tag:unity3d.com,2011:
--- !u!244 &-5517494492427267071
AudioMixerEffectController:
  m_ObjectHideFlags: 3
  m_CorrespondingSourceObject: {fileID: 0}
  m_PrefabInstance: {fileID: 0}
  m_PrefabAsset: {fileID: 0}
  m_Name: 
  m_EffectID: 13da1079f48dec948a58f1306de12eec
  m_EffectName: Attenuation
  m_MixLevel: 030c10be56e6030439cfb4305d3ee342
  m_Parameters: []
  m_SendTarget: {fileID: 0}
  m_EnableWetMix: 0
  m_Bypass: 0
--- !u!244 &-5482660073148999924
AudioMixerEffectController:
  m_ObjectHideFlags: 3
  m_CorrespondingSourceObject: {fileID: 0}
  m_PrefabInstance: {fileID: 0}
  m_PrefabAsset: {fileID: 0}
  m_Name: Attenuation
  m_EffectID: a5af647ef77229b45aecfea4b3c3ff3c
  m_EffectName: Attenuation
  m_MixLevel: bb2302fd45154884baffd6a0762d617f
  m_Parameters: []
  m_SendTarget: {fileID: 0}
  m_EnableWetMix: 0
  m_Bypass: 0
--- !u!244 &-4362880514181768178
AudioMixerEffectController:
  m_ObjectHideFlags: 3
  m_CorrespondingSourceObject: {fileID: 0}
  m_PrefabInstance: {fileID: 0}
  m_PrefabAsset: {fileID: 0}
  m_Name: Attenuation
  m_EffectID: 8632885c7572ab547a60f60cf436281e
  m_EffectName: Attenuation
  m_MixLevel: 0dca422efe9e0af4592ef01a64c33c36
  m_Parameters: []
  m_SendTarget: {fileID: 0}
  m_EnableWetMix: 0
  m_Bypass: 0
--- !u!244 &-3461907154426727415
AudioMixerEffectController:
  m_ObjectHideFlags: 3
  m_CorrespondingSourceObject: {fileID: 0}
  m_PrefabInstance: {fileID: 0}
  m_PrefabAsset: {fileID: 0}
  m_Name: 
  m_EffectID: 23aa1b78ea2ec0c4db6b5f8d3d351f8f
  m_EffectName: Lowpass
  m_MixLevel: ca0ea77111486ae479735ac5b376c174
  m_Parameters:
  - m_ParameterName: Cutoff freq
    m_GUID: b162225aa2dd1de488fad7c8452d6bb1
  - m_ParameterName: Resonance
    m_GUID: 0e710f8c294cdd94e950e78d11bca8f1
  m_SendTarget: {fileID: 0}
  m_EnableWetMix: 0
  m_Bypass: 0
--- !u!243 &-2390296060964365026
AudioMixerGroupController:
  m_ObjectHideFlags: 0
  m_CorrespondingSourceObject: {fileID: 0}
  m_PrefabInstance: {fileID: 0}
  m_PrefabAsset: {fileID: 0}
  m_Name: ChanelLowpass
  m_AudioMixer: {fileID: 24100000}
  m_GroupID: 02db9ac4e38193646b1da6ed90d51895
  m_Children: []
  m_Volume: 1c767958f6eb57d44a3420f249723436
  m_Pitch: 4d2fa87fa66aff941a724bac51400ac3
  m_Send: 00000000000000000000000000000000
  m_Effects:
  - {fileID: 6304492685289263224}
  - {fileID: -3461907154426727415}
  m_UserColorIndex: 0
  m_Mute: 0
  m_Solo: 0
  m_BypassEffects: 0
--- !u!243 &-1265581834577663153
AudioMixerGroupController:
  m_ObjectHideFlags: 0
  m_CorrespondingSourceObject: {fileID: 0}
  m_PrefabInstance: {fileID: 0}
  m_PrefabAsset: {fileID: 0}
  m_Name: Chanel4
  m_AudioMixer: {fileID: 24100000}
  m_GroupID: 38c0b2b9842683e49acd3bc8791dcd2c
  m_Children: []
  m_Volume: feb6d9856fcf9c94997ef09bcd1a6667
  m_Pitch: dc5423268eb136743ae07976976e3702
  m_Send: 00000000000000000000000000000000
  m_Effects:
  - {fileID: -5482660073148999924}
  m_UserColorIndex: 0
  m_Mute: 0
  m_Solo: 0
  m_BypassEffects: 0
--- !u!243 &-1015414518742387153
AudioMixerGroupController:
  m_ObjectHideFlags: 0
  m_CorrespondingSourceObject: {fileID: 0}
  m_PrefabInstance: {fileID: 0}
  m_PrefabAsset: {fileID: 0}
  m_Name: Chanel2
  m_AudioMixer: {fileID: 24100000}
  m_GroupID: 7858ee53ac0fedb4f9f1825528b1622f
  m_Children: []
  m_Volume: d9f958985cb05cd4794f0580eaa8423d
  m_Pitch: 18897c8f41d0864449ee26564cc09656
  m_Send: 00000000000000000000000000000000
  m_Effects:
  - {fileID: 408567890571321373}
  m_UserColorIndex: 0
  m_Mute: 0
  m_Solo: 0
  m_BypassEffects: 0
--- !u!243 &-383175422375046938
AudioMixerGroupController:
  m_ObjectHideFlags: 0
  m_CorrespondingSourceObject: {fileID: 0}
  m_PrefabInstance: {fileID: 0}
  m_PrefabAsset: {fileID: 0}
  m_Name: Chanel5
  m_AudioMixer: {fileID: 24100000}
  m_GroupID: 5b4a5fe84dd035949894f4c33cb10325
  m_Children: []
  m_Volume: 562a8b9b41d49aa4a8fda1ac4c82c227
  m_Pitch: d464feaa9ab29204c83f63699d4256ef
  m_Send: 00000000000000000000000000000000
  m_Effects:
  - {fileID: -4362880514181768178}
  m_UserColorIndex: 0
  m_Mute: 0
  m_Solo: 0
  m_BypassEffects: 0
--- !u!241 &24100000
AudioMixerController:
  m_ObjectHideFlags: 0
  m_CorrespondingSourceObject: {fileID: 0}
  m_PrefabInstance: {fileID: 0}
  m_PrefabAsset: {fileID: 0}
  m_Name: AudioMixer
  m_OutputGroup: {fileID: 0}
  m_MasterGroup: {fileID: 24300002}
  m_Snapshots:
  - {fileID: 24500006}
  m_StartSnapshot: {fileID: 24500006}
  m_SuspendThreshold: -80
  m_EnableSuspend: 1
  m_UpdateMode: 0
  m_ExposedParameters:
  - guid: 562a8b9b41d49aa4a8fda1ac4c82c227
    name: MyExposedParam 1
  - guid: b162225aa2dd1de488fad7c8452d6bb1
    name: cutoffFrequency
  m_AudioMixerGroupViews:
  - guids:
    - 6d22106b75bd91f46b50d55285912488
    - 94f34854a549089428d3001c17698a1c
    - 02db9ac4e38193646b1da6ed90d51895
    - 7858ee53ac0fedb4f9f1825528b1622f
    - 5d27f137f3fca094f81cd64b060f72b5
    - 38c0b2b9842683e49acd3bc8791dcd2c
    - 5b4a5fe84dd035949894f4c33cb10325
    name: View
  m_CurrentViewIndex: 0
  m_TargetSnapshot: {fileID: 24500006}
--- !u!243 &24300002
AudioMixerGroupController:
  m_ObjectHideFlags: 0
  m_CorrespondingSourceObject: {fileID: 0}
  m_PrefabInstance: {fileID: 0}
  m_PrefabAsset: {fileID: 0}
  m_Name: Master
  m_AudioMixer: {fileID: 24100000}
  m_GroupID: 6d22106b75bd91f46b50d55285912488
  m_Children:
  - {fileID: 4332947209882762488}
  - {fileID: -1015414518742387153}
  - {fileID: 8414242295041627810}
  - {fileID: -1265581834577663153}
  - {fileID: -383175422375046938}
  - {fileID: -2390296060964365026}
  m_Volume: e04079c9e254891438a29a97e9ac700f
  m_Pitch: 5510ad698ad8f2c4eada66aa01ba206e
  m_Send: 00000000000000000000000000000000
  m_Effects:
  - {fileID: 24400004}
  m_UserColorIndex: 0
  m_Mute: 0
  m_Solo: 0
  m_BypassEffects: 0
--- !u!244 &24400004
AudioMixerEffectController:
  m_ObjectHideFlags: 3
  m_CorrespondingSourceObject: {fileID: 0}
  m_PrefabInstance: {fileID: 0}
  m_PrefabAsset: {fileID: 0}
  m_Name: 
  m_EffectID: bd83b0738fd0cbc499d241e1ab158063
  m_EffectName: Attenuation
  m_MixLevel: d1c9fd17bae3f55409d8247b99f8d26e
  m_Parameters: []
  m_SendTarget: {fileID: 0}
  m_EnableWetMix: 0
  m_Bypass: 0
--- !u!245 &24500006
AudioMixerSnapshotController:
  m_ObjectHideFlags: 0
  m_CorrespondingSourceObject: {fileID: 0}
  m_PrefabInstance: {fileID: 0}
  m_PrefabAsset: {fileID: 0}
  m_Name: Snapshot
  m_AudioMixer: {fileID: 24100000}
  m_SnapshotID: a1f0d2d622029db4fb80dbd3b0c7fc48
  m_FloatValues:
    ab4bb2116908f044490153dea1e7317a: -3051
    447c17915234482429553a136fe89f15: 0.65
    754cc3c1560344d4ea4d314ae2ff0d5f: 1883
    feb6d9856fcf9c94997ef09bcd1a6667: 0
    172d1d282aa6c604badafcb4553ae212: 0
    1c767958f6eb57d44a3420f249723436: 0
    d9f958985cb05cd4794f0580eaa8423d: 0
    9364d83919f76b04fa274d03b00d8fc8: 6.94
    d40504996aa9d04419a11af37d078b23: 22000
    b162225aa2dd1de488fad7c8452d6bb1: 10
    562a8b9b41d49aa4a8fda1ac4c82c227: 0
    0e710f8c294cdd94e950e78d11bca8f1: 1
    329d216dcdb639e4481a473a4c608cec: -4886
    d219785efc66b974ab5f255ee1df76dd: 100
    476b0b0f5b76e4b49af145c3a486d090: 0.7
    ba56615f4b8ed954ba0c0741ca18bf44: 0
    4d2fa87fa66aff941a724bac51400ac3: 1
    5173058f86a3ee04883f081effbd319d: 307
    5a8803ef27746ac49bba7feb31f3fc17: 0
  m_TransitionOverrides: {}
--- !u!244 &408567890571321373
AudioMixerEffectController:
  m_ObjectHideFlags: 3
  m_CorrespondingSourceObject: {fileID: 0}
  m_PrefabInstance: {fileID: 0}
  m_PrefabAsset: {fileID: 0}
  m_Name: 
  m_EffectID: e034c75e0922d1e42990f49d9512a8ca
  m_EffectName: Attenuation
  m_MixLevel: f8a510b07ec69da4bb7d89052a066c91
  m_Parameters: []
  m_SendTarget: {fileID: 0}
  m_EnableWetMix: 0
  m_Bypass: 0
--- !u!243 &4332947209882762488
AudioMixerGroupController:
  m_ObjectHideFlags: 0
  m_CorrespondingSourceObject: {fileID: 0}
  m_PrefabInstance: {fileID: 0}
  m_PrefabAsset: {fileID: 0}
  m_Name: Chanel1
  m_AudioMixer: {fileID: 24100000}
  m_GroupID: 94f34854a549089428d3001c17698a1c
  m_Children: []
  m_Volume: b70a029684c1fbd4ead44ac5dee25fe6
  m_Pitch: d0252132910f79f41acb11e10fcc1bc6
  m_Send: 00000000000000000000000000000000
  m_Effects:
  - {fileID: 5952000519159858491}
  m_UserColorIndex: 0
  m_Mute: 0
  m_Solo: 0
  m_BypassEffects: 0
--- !u!244 &5952000519159858491
AudioMixerEffectController:
  m_ObjectHideFlags: 3
  m_CorrespondingSourceObject: {fileID: 0}
  m_PrefabInstance: {fileID: 0}
  m_PrefabAsset: {fileID: 0}
  m_Name: 
  m_EffectID: 915a2bd9f46e2354bb2242971272f0af
  m_EffectName: Attenuation
  m_MixLevel: bf1a0f843b1fc6e468847d74f5252293
  m_Parameters: []
  m_SendTarget: {fileID: 0}
  m_EnableWetMix: 0
  m_Bypass: 0
--- !u!244 &6304492685289263224
AudioMixerEffectController:
  m_ObjectHideFlags: 3
  m_CorrespondingSourceObject: {fileID: 0}
  m_PrefabInstance: {fileID: 0}
  m_PrefabAsset: {fileID: 0}
  m_Name: 
  m_EffectID: 184a417e9103018488a98d008043d037
  m_EffectName: Attenuation
  m_MixLevel: 97cbddcd9e69f6c4b9b8d7d5b315afcb
  m_Parameters: []
  m_SendTarget: {fileID: 0}
  m_EnableWetMix: 0
  m_Bypass: 0
--- !u!243 &8414242295041627810
AudioMixerGroupController:
  m_ObjectHideFlags: 0
  m_CorrespondingSourceObject: {fileID: 0}
  m_PrefabInstance: {fileID: 0}
  m_PrefabAsset: {fileID: 0}
  m_Name: Chanel3
  m_AudioMixer: {fileID: 24100000}
  m_GroupID: 5d27f137f3fca094f81cd64b060f72b5
  m_Children: []
  m_Volume: 172d1d282aa6c604badafcb4553ae212
  m_Pitch: 4b9a766bbf50e4342bbb659ac3c3aa5e
  m_Send: 00000000000000000000000000000000
  m_Effects:
  - {fileID: -5517494492427267071}
  m_UserColorIndex: 0
  m_Mute: 0
  m_Solo: 0
  m_BypassEffects: 0
